@article{dehmer2011,
  title={A history of graph entropy measures},
  author={Dehmer, Matthias and Mowshowitz, Abbe},
  journal={Information Sciences},
  volume={181},
  number={1},
  pages={57--78},
  year={2011},
  publisher={Elsevier}
}

@article{dehmer2008,
  title={Information processing in complex networks: Graph entropy and information functionals},
  author={Dehmer, Matthias},
  journal={Applied Mathematics and Computation},
  volume={201},
  number={1},
  pages={82--94},
  year={2008},
  publisher={Elsevier}
}

@article{erdosRenyiGraphs,
  title={On random graphs, I},
  author={Erdős, Paul and Rényi, Alfréd},
  journal={Publicationes Mathematicae (Debrecen)},
  volume={6},
  pages={290--297},
  year={1959}
}

@inproceedings{kenley2011,
  title={Entropy-based graph clustering: Application to biological and social networks},
  author={Kenley, Edward Casey and Cho, Young-Rae},
  booktitle={2011 IEEE 11th International Conference on Data Mining},
  pages={1116--1121},
  year={2011},
  organization={IEEE}
}
